
@Article{MMD:uai2015(example),
	author = "G. Dziugaite and D. Roy and Z. Ghahramani",
	title = "Training generative neural networks via Maximum Mean Discrepancy optimization",
	journal = "UAI",
	year = {2015},
}

